@article {MR2009550,
    AUTHOR = {Gupta, S. K. and Mangal, Pankaj and Paliwal, Vineet},
     TITLE = {Some work towards the proof of the reconstruction conjecture},
   JOURNAL = {Discrete Math.},
  FJOURNAL = {Discrete Mathematics},
    VOLUME = {272},
      YEAR = {2003},
    NUMBER = {2-3},
     PAGES = {291--296},
      ISSN = {0012-365X},
   MRCLASS = {05C60},
  MRNUMBER = {2009550},
       DOI = {10.1016/S0012-365X(03)00198-5},
       URL = {https://doi.org/10.1016/S0012-365X(03)00198-5},
}
