@online{Aelian,
  title = {Historical Miscellany 13.1},
  author = {Greek rhetorician C2nd to 3rd A.D.},
  translator = {Wilson},
  url = {https://www.theoi.com/Heroine/Atalanta.html},
  % urldate = {Accessed: 2023-01-19}
}

@online{Apollonius,
  title = {Apollonius Rhodius, Argonautica 1. 768 ff},
  author = {Greek epic C3rd B.C.},
  translator = {Rieu},
  url = {https://www.theoi.com/Heroine/Atalanta.html},
  % urldate = {Accessed: 2023-01-19}
}

@online{Plutarch,
  title = {Life of Theseus, Chapter 3},
  author = {Plutarch},
  translator = {W. W. Skeat, L. Zhang and P. Rogak},
  url = {http://www.perseus.tufts.edu/hopper/text?doc=Perseus%3Atext%3A1999.03.0078%3Atext%3DThes.},
  % urldate = {Accessed: 2023-01-19}
}

@online{Bibliotheca,
  title = {Pseudo-Apollodorus, Bibliotheca 1. 8. 2 - 3},
  author = {Greek mythographer C2nd A.D.},
  translator = {Frazer},
  url = {https://www.theoi.com/Heroine/Atalanta.html},
  % urldate = {Accessed: 2023-01-19}
}

