@online{Euripides,
  title = {Heracles},
  author = {Euripides},
  translator = {E.P. Coleridge},
  url = {http://www.perseus.tufts.edu/hopper/text?doc=Perseus%3Atext%3A1999.01.0102%3Acard%3D1131},
}

@online{Bion,
  title = {Lament for Adonis},
  author = {Bion},
  translator = {Ryan Johnson},
  url = {https://pressbooks.bccampus.ca/greekromanmyth/chapter/aphrodite/#bion},
}

@online{Aelian,
  title = {Historical Miscellany 13.1},
  author = {Greek rhetorician C2nd to 3rd A.D.},
  translator = {Wilson},
  url = {https://www.theoi.com/Heroine/Atalanta.html},
  % urldate = {Accessed: 2023-01-19}
}

@online{Apollonius,
  title = {Apollonius Rhodius, Argonautica 1. 768 ff},
  author = {Greek epic C3rd B.C.},
  translator = {Rieu},
  url = {https://www.theoi.com/Heroine/Atalanta.html},
  % urldate = {Accessed: 2023-01-19}
}

@online{Plutarch,
  title = {Life of Theseus, Chapter 3},
  author = {Plutarch},
  translator = {W. W. Skeat, L. Zhang and P. Rogak},
  url = {http://www.perseus.tufts.edu/hopper/text?doc=Perseus%3Atext%3A1999.03.0078%3Atext%3DThes.},
  % urldate = {Accessed: 2023-01-19}
}

@online{Bibliotheca,
  title = {Pseudo-Apollodorus, Bibliotheca 1. 8. 2 - 3},
  author = {Greek mythographer C2nd A.D.},
  translator = {Frazer},
  url = {https://www.theoi.com/Heroine/Atalanta.html},
  % urldate = {Accessed: 2023-01-19}
}

@online{works,
  title = {Works and Days},
  author = {Hesiod},
  translator = {G. Nagy},
  url = {http://www.perseus.tufts.edu/hopper/text?doc=Perseus:text:1999.01.0132},
}

@online{bound,
  title = {Prometheus Bound},
  author = {Aeschylus},
  translator = {H. W. Smyth},
  url = {http://www.perseus.tufts.edu/hopper/text?doc=Perseus:text:1999.01.0010},
}

@online{ovid,
  title = {Metamorphoses},
  author = {Ovid},
  translator = {A.S. Kline adapted by P.Rogak},
  url = {https://www.poetryintranslation.com/PITBR/Latin/Metamorph6.php},
  % urldate = {Accessed: 2023-01-19}
}

@online{homer,
  title = {Iliad, Book 5},
  author = {Homer},
  translator = {A.S. Kline adapted by L.Zhang P. Rogak and T. Mulder},
  url = {https://www.poetryintranslation.com/PITBR/Greek/Iliad5.php#anchor_Toc239244908},
  % urldate = {Accessed: 2023-01-19}
}

@artwork{minerva,
  title = {Minerva},
  type = {Tracing of a bronze mirror},
  organization = {Staatliche Antikensammlung},
  location = {Berlin},
}

@artwork{poseidon,
  title = {Poseidon and Athena competing for Athens},
  type = {Statue},
  organization = {Acropolis Museum},
  location = {Athens},
}

@online{midjourney,
  title = {Midjourney},
  url = {https://www.midjourney.com/home/},
  % urldate = {Accessed: 2023-01-19}
}

@artwork{boar,
  title={Calydonian Boar Hunt},
  type = {Attic black figure},
  organization = {National Archaeological Museum of Florence},
  location = {Florence},
}

