@online{ovid,
  title = {Metamorphoses},
  author = {Ovid},
  translator = {A.S. Kline adapted by P.Rogak},
  url = {https://www.poetryintranslation.com/PITBR/Latin/Metamorph6.php},
  % urldate = {Accessed: 2023-01-19}
}

@online{homer,
  title = {Iliad, Book 5},
  author = {Homer},
  translator = {A.S. Kline adapted by L.Zhang P. Rogak and T. Mulder},
  url = {https://www.poetryintranslation.com/PITBR/Greek/Iliad5.php#anchor_Toc239244908},
  % urldate = {Accessed: 2023-01-19}
}

@artwork{minerva,
  title = {Minerva},
  type = {Tracing of a bronze mirror},
  organization = {Staatliche Antikensammlung},
  location = {Berlin},
}

@artwork{poseidon,
  title = {Poseidon and Athena competing for Athens},
  type = {Statue},
  organization = {Acropolis Museum},
  location = {Athens},
}

@online{midjourney,
  title = {Midjourney},
  url = {https://www.midjourney.com/home/},
  % urldate = {Accessed: 2023-01-19}
}

