@online{theogony,
  title = {Hesiod},
  author = {Theogony},
  url = {\url{http://www.perseus.tufts.edu/hopper/text?doc=Perseus\%3atext\%3a1999.01.0130}},
  urldate = {Accessed: 2023-01-19}
}
