@online{works,
  title = {Works and Days},
  author = {Hesiod},
  url = {http://www.perseus.tufts.edu/hopper/text?doc=Perseus:text:1999.01.0132},
  urldate = {Accessed: 2023-01-19}
}

@online{bound,
  title = {Prometheus Bound},
  author = {Aeschylus},
  url = {http://www.perseus.tufts.edu/hopper/text?doc=Perseus:text:1999.01.0010},
  urldate = {Accessed: 2023-01-19}
}
