@online{statista,
  author = {Statista},
  title = {U.S. electricity production costs},
  year = 2014,
  url = {https://www.statista.com/statistics/184712/us-electricity-production-costs-by-source-from-2000/},
}

@online{institute,
  author = {Institute for Energy and Environmental Research},
  title = {Uranium: Its Uses and Hazards},
  url = {https://ieer.org/resource/factsheets/uranium-its-uses-and-hazards/},
}

@online{world,
  author = {World Nuclear Association},
  title = {US Nuclear Power Policy},
  year = 2023,
  url = {https://www.world-nuclear.org/information-library/country-profiles/countries-t-z/usa-nuclear-power-policy.aspx},
}

@online{atomic,
  author = {Ann S. Bisconti},
  title = {Public opinion on nuclear energy: what influences it},
  year = 2016,
  url = {https://thebulletin.org/2016/04/public-opinion-on-nuclear-energy-what-influences-it/},
}

@online{data,
  author = {Hannah Ritchie, Pablo Rosado and Max Roser},
  title = {Nuclear Energy},
  url = {https://ourworldindata.org/nuclear-energy},
}
